<?xml version="1.0" encoding="UTF-8"?><collection xmlns="http://www.loc.gov/MARC21/slim"><record><leader>00481nam--2200145-i-4500</leader><controlfield tag="001">000037979</controlfield><controlfield tag="002">20161230</controlfield><controlfield tag="005">20161230201041</controlfield><controlfield tag="008">060222s1000------------r-----000-0-eng-d</controlfield><datafield ind1=" " ind2=" " tag="080"><subfield code="a">621.039.51</subfield></datafield><datafield ind1=" " ind2=" " tag="100"><subfield code="a">Raievski,V</subfield></datafield><datafield ind1=" " ind2=" " tag="245"><subfield code="a">Physique des piles atomiques. etude du transport des neutrons par la methode de modulation</subfield></datafield><datafield ind1=" " ind2=" " tag="260"><subfield code="a">Saclay,Inst.Nat.De Sciences Et Techniques Nucleaires, 1960. 122 P</subfield></datafield><datafield ind1=" " ind2=" " tag="490"><subfield code="a">Bibliotheque Des Sciences Et Techniques Nucleaires</subfield></datafield><datafield ind1=" " ind2=" " tag="852"><subfield code="a">25769</subfield></datafield></record></collection>